<?xml version="1.0" encoding="UTF-8"?><collection xmlns="http://www.loc.gov/MARC21/slim"><record><leader>00527nam--2200193-i-4500</leader><controlfield tag="001">000035816</controlfield><controlfield tag="002">20161230</controlfield><controlfield tag="005">20161230201040</controlfield><controlfield tag="008">060222s1000------------r-----000-0-rus-d</controlfield><datafield ind1=" " ind2=" " tag="040"><subfield code="a">IFIN-HH</subfield></datafield><datafield ind1=" " ind2=" " tag="041"><subfield code="a">rus</subfield></datafield><datafield ind1=" " ind2=" " tag="080"><subfield code="a">539.14</subfield></datafield><datafield ind1="1" ind2=" " tag="100"><subfield code="a">Lane, A.M</subfield></datafield><datafield ind1="1" ind2="0" tag="245"><subfield code="a">Teoria iadra</subfield><subfield code="c">A.m. lane</subfield></datafield><datafield ind1=" " ind2=" " tag="260"><subfield code="a">Moskva</subfield><subfield code="b">Atomizdat</subfield><subfield code="c">1967</subfield></datafield><datafield ind1=" " ind2=" " tag="300"><subfield code="a">253P</subfield></datafield><datafield ind1=" " ind2=" " tag="502"><subfield code="a">Titlul Original In Limba Engleza: Nuclear Theory ; Pairing Force Correlations And Collective Motion</subfield></datafield><datafield ind1=" " ind2=" " tag="852"><subfield code="a">28790</subfield><subfield code="c">539.14</subfield></datafield><datafield ind1=" " ind2=" " tag="CAT"><subfield code="a">Sys</subfield><subfield code="c">20120327</subfield><subfield code="h">110313</subfield></datafield></record></collection>